
@misc{sheehy_experience_2024,
	title = {Expérience 3 : {Mesure} de polarisation},
	language = {fr},
	publisher = {Polytechnique Montréal},
	author = {Sheehy, Guillaume and Picot, Fabien and Nguyen, Tien and Zamani, Esmat},
	month = sep,
	year = {2024},
}

@misc{caldwell_propagation_2013,
	title = {Propagation of {Error}},
	url = {https://chem.libretexts.org/Bookshelves/Analytical_Chemistry/Supplemental_Modules_(Analytical_Chemistry)/Quantifying_Nature/Significant_Digits/Propagation_of_Error},
	abstract = {Propagation of Error (or Propagation of Uncertainty) is defined as the effects on a function by a variable's uncertainty. It is a calculus derived statistical calculation designed to combine …},
	language = {en},
	urldate = {2024-11-07},
	journal = {Chemistry LibreTexts},
	author = {Caldwell, Jarred and Vahidsafa, Alex},
	year = {2013},
	file = {Snapshot:/home/emilegp/Zotero/storage/MYVFPZBJ/Propagation_of_Error.html:text/html},
}

@misc{noauthor_spin_2005,
	title = {Spin, {Polarization}, and {Mixed} {States} - {Quantum} {Measurement} -},
	url = {https://minerva.union.edu/malekis/qm2004/qm_spin.htm},
	urldate = {2024-11-07},
	journal = {Union College},
	year = {2005},
	file = {Spin, Polarization, and Mixed States - Quantum Measurement - Union College:/home/emilegp/Zotero/storage/KDGQCU3R/qm_spin.html:text/html},
}
