
@misc{sheehy_experience_2024,
	title = {Expérience 3 : {Mesure} de polarisation},
	language = {fr},
	publisher = {Polytechnique Montréal},
	author = {Sheehy, Guillaume and Picot, Fabien and Nguyen, Tien and Zamani, Esmat},
	month = sep,
	year = {2024},
}

@misc{national_aeronautics_and_space_administration_anatomy_2010,
	title = {Anatomy of an {Electromagnetic} {Wave}},
	url = {https://science.nasa.gov/ems/02_anatomy/},
	urldate = {2024-10-31},
	journal = {NASA Science},
	author = {{National Aeronautics and Space Administration}},
	year = {2010},
	file = {Anatomy of an Electromagnetic Wave - NASA Science:/home/emilegp/Zotero/storage/98GQCS4A/02_anatomy.html:text/html},
}

@misc{schwartz_lecture_2021,
	title = {Lecture 14 : {Polarization}},
	url = {https://scholar.harvard.edu/files/schwartz/files/lecture14-polarization.pdf},
	journal = {Harvard University},
	author = {Schwartz, Matthew},
	year = {2021},
}

@misc{erdogan_understanding_2024,
	title = {Understanding {Polarization}},
	url = {https://www.idex-hs.com/resources/resources-detail/understanding-polarization},
	abstract = {Discover what polarization is, how it is controlled by optical components, and when it matters in optical systems.},
	language = {en},
	urldate = {2024-10-31},
	journal = {IDEX Health \& Science},
	author = {Erdogan, Turan},
	year = {2024},
	file = {Snapshot:/home/emilegp/Zotero/storage/MLDZPRE6/understanding-polarization.html:text/html},
}

@book{zangwill_modern_2012,
	title = {Modern {Electrodynamics}},
	isbn = {978-0-521-89697-9},
	language = {en},
	publisher = {Cambridge University Press},
	author = {Zangwill, Andrey},
	year = {2012},
}

@misc{noauthor_introduction_2023,
	title = {Introduction to {Polarization}},
	url = {https://www.edmundoptics.fr/knowledge-center/application-notes/optics/introduction-to-polarization/},
	abstract = {Besoin de modifier ou de sélectionner un état de polarisation de lumière spécifique ? Découvrez notre sélection de polariseurs dichroïques et cristallins ou de grilles polarisantes pour commencer},
	language = {fr},
	urldate = {2024-10-31},
	journal = {Edmund optics},
	year = {2023},
	file = {Snapshot:/home/emilegp/Zotero/storage/WVTAI2PD/introduction-to-polarization.html:text/html},
}

@misc{byjus_unit_2020,
	title = {Unit 5 : {Electromagnetic} {Waves}},
	url = {https://cdn1.byjus.com/wp-content/uploads/2022/08/TN-Board-Class-12-Physics-Vol-1-Textbook.pdf},
	language = {en},
	journal = {Physics Volume - 1},
	author = {{BYJU'S}},
	year = {2020},
}

@misc{collett_jones_2005,
	title = {Jones {Calculus}},
	url = {https://spie.org/publications/spie-publication-resources/optipedia-free-optics-information/fg05_p57-61_jones_matrix_calculus#_=_},
	urldate = {2024-10-31},
	journal = {SPIE},
	author = {Collett, Edward},
	year = {2005},
	file = {Jones Calculus:/home/emilegp/Zotero/storage/DJWASCFV/fg05_p57-61_jones_matrix_calculus.html:text/html},
}
